@misc{MetaTypeScript,
  howpublished = {\url{https://github.com/MetaBorgCube/metaborg-typescript}},
  note = {Accessed: 2018-05-25}
}

@inproceedings{nabl2,
 author = {Antwerpen, Hendrik van and N{\'e}ron, Pierre and Tolmach, Andrew and Visser, Eelco and Wachsmuth, Guido},
 title = {A Constraint Language for Static Semantic Analysis Based on Scope Graphs},
 booktitle = {Proceedings of the 2016 ACM SIGPLAN Workshop on Partial Evaluation and Program Manipulation},
 series = {PEPM '16},
 year = {2016},
 isbn = {978-1-4503-4097-7},
 location = {St. Petersburg, FL, USA},
 pages = {49--60},
 numpages = {12},
 url = {http://doi.acm.org/10.1145/2847538.2847543},
 doi = {10.1145/2847538.2847543},
 acmid = {2847543},
 publisher = {ACM},
 address = {New York, NY, USA},
 keywords = {Domain Specific Languages, Language Specification, Meta-Theory, Name Binding, Types},
}

@inproceedings{Statix,
 author = {Antwerpen, Hendrik van and Bach Poulsen, Caspar and Visser, Eelco},
 title = {Scopes as Types},
 booktitle = {Proceedings of the ACM on Programming Languages},
 volume = {1},
 series = {ACM '18},
 year = {2018},
 numpages = {48},
 publisher = {ACM}
}