@inproceedings{Vollebregt:2012:DST:2427048.2427056,
 author = {Vollebregt, Tobi and Kats, Lennart C. L. and Visser, Eelco},
 title = {Declarative Specification of Template-based Textual Editors},
 booktitle = {Proceedings of the Twelfth Workshop on Language Descriptions, Tools, and Applications},
 series = {LDTA '12},
 year = {2012},
 isbn = {978-1-4503-1536-4},
 location = {Tallinn, Estonia},
 pages = {8:1--8:7},
 articleno = {8},
 numpages = {7},
 url = {http://doi.acm.org/10.1145/2427048.2427056},
 doi = {10.1145/2427048.2427056},
 acmid = {2427056},
 publisher = {ACM},
 address = {New York, NY, USA},
}

@inproceedings{Antwerpen:2016:CLS:2847538.2847543,
 author = {Antwerpen, Hendrik van and N{\'e}ron, Pierre and Tolmach, Andrew and Visser, Eelco and Wachsmuth, Guido},
 title = {A Constraint Language for Static Semantic Analysis Based on Scope Graphs},
 booktitle = {Proceedings of the 2016 ACM SIGPLAN Workshop on Partial Evaluation and Program Manipulation},
 series = {PEPM '16},
 year = {2016},
 isbn = {978-1-4503-4097-7},
 location = {St. Petersburg, FL, USA},
 pages = {49--60},
 numpages = {12},
 url = {http://doi.acm.org/10.1145/2847538.2847543},
 doi = {10.1145/2847538.2847543},
 acmid = {2847543},
 publisher = {ACM},
 address = {New York, NY, USA},
 keywords = {Domain Specific Languages, Language Specification, Meta-Theory, Name Binding, Types},
}

@incollection{pierce2002types,
  title={Types and programming languages},
  author={Pierce, Benjamin C},
  year={2002},
  publisher={MIT press},
  chapter = {20}
}